@data{DVN/UZSQTV_2016,
author = {Branham, Alex},
publisher = {Harvard Dataverse},
title = {Replication Data for: When do the Rich Win},
year = {2016},
doi = {10.7910/DVN/UZSQTV},
url = {https://doi.org/10.7910/DVN/UZSQTV}
