@data{10573_2009,
author = {Joshua D. Clinton},
publisher = {Harvard Dataverse},
title = {Replication data for: Representation in Congress: Constituents and Roll Calls in the 106th House},
year = {2009},
doi = {1902.1/10573},
url = {https://hdl.handle.net/1902.1/10573}
